% Encoding: UTF-8

@book{WML, 
   author       = {Wei-Meng Lee}, 
   title        = {Python Machine Learning}, 
   year         = {2019}, 
  publisher    = {John Wiley \& Sons, Inc.}, 
 }

@book{MB, 
   author       = {Michael Bowles}, 
   title        = {Machine Learning with Spark and Python Essentia Techniques For Predictive Analytics}, 
   year         = {2020}, 
  publisher    = {John Wiley \& Sons, Inc.}, 
 }

@book{AG, 
   author       = {Aurélien Géron}, 
   title        = {Hands on Machine Learning with Scikit-Learn, Keras and TensorFlow: Concepts, Tools and Techniques to Build Intelligent Systems}, 
   year         = {2019}, 
 }





@Comment{jabref-meta: databaseType:bibtex;}
