% Encoding: UTF-8

@book{WML, 
   author       = {Wei-Meng Lee}, 
   title        = {Python Machine Learning}, 
   year         = {2019}, 
  publisher    = {John Wiley \& Sons, Inc.}, 
 }

@book{MB, 
   author       = {Michael Bowles}, 
   title        = {Machine Learning with Spark and Python Essentia Techniques For Predictive Analytics}, 
   year         = {2020}, 
  publisher    = {John Wiley \& Sons, Inc.}, 
 }

@book{AG, 
   author       = {Aurélien Géron}, 
   title        = {Hands on Machine Learning with Scikit-Learn, Keras and TensorFlow: Concepts, Tools and Techniques to Build Intelligent Systems}, 
   year         = {2019}, 
   publisher	= {O'Reilly Media, Inc.}
 }

@misc{SKL,
    title = {{SciKitLearn}},
	howpublished = {\url{https://scikit-learn.org/stable/index.html}},
	note = {Accessed: 2020-02-02}
}

@misc{SKLT,
	title = {{SciKitLearn} Tree },
	howpublished = {\url{https://scikit-learn.org/stable/modules/tree.html}},
	note = {Accessed: 2020-02-02}
}

@misc{MED,
	title = {{Medium} random forest },
	howpublished = {\url{https://medium.com/@williamkoehrsen/random-forest-simple-explanation-377895a60d2d}},
	note = {Accessed: 2020-02-02}
}

@misc{DATA,
	title = {{Dataset} California Housing Prices },
	howpublished = {\url{https://raw.githubusercontent.com/ageron/handson-ml2/master/datasets/housing/housing.tgz}},
	note = {Accessed: 2020-01-02}
}


@Comment{jabref-meta: databaseType:bibtex;}
